@article{Barrett_2014,
  doi = {10.1785/0220130152},
  url = {http://dx.doi.org/10.1785/0220130152},
  year = {2014},
  month = {may},
  publisher = {Seismological Society of America ({SSA})},
  volume = {85},
  number = {3},
  pages = {594--600},
  author = {S. A. Barrett and G. C. Beroza},
  title = {{An Empirical Approach to Subspace Detection}},
  journal = {Seismological Research Letters},
}


@techreport{Templeton_2013,
  doi = {10.2172/1077185},
  url = {http://dx.doi.org/10.2172/1077185},
  year = {2013},
  month = {apr},
  publisher = {Office of Scientific and Technical Information ({OSTI})},
  author = {D C Templeton and D B Harris and J Wang},
  title = {{Mapping Diffuse Seismicity for Geothermal Reservoir Management with Matched Field Processing: Year 2 Report}},
}


@article{Shelly_2007,
  doi = {10.1038/nature05666},
  url = {http://dx.doi.org/10.1038/nature05666},
  year = {2007},
  month = {mar},
  publisher = {Nature Publishing Group},
  volume = {446},
  number = {7133},
  pages = {305--307},
  author = {David R. Shelly and Gregory C. Beroza and Satoshi Ide},
  title = {{Non-volcanic tremor and low-frequency earthquake swarms}},
  journal = {Nature},
}
